% Encoding: UTF-8

@InProceedings{bierman2014understanding,
  author       = {Bierman, Gavin and Abadi, Mart{\'\i}n and Torgersen, Mads},
  title        = {Understanding typescript},
  booktitle    = {European Conference on Object-Oriented Programming},
  year         = {2014},
  pages        = {257--281},
  organization = {Springer},
}

@Misc{AZProgrammingLanguages,
  title        = {The A-Z of Programming Languages: JavaScript. (2008, July 31)},
  howpublished = {\url{http://web.archive.org/web/20080207010024/http://www.808multimedia.com/winnt/kernel.htm}},
  year         = {2008},
  note         = {Accessed: 2010-09-30},
  timestamp    = {2017-12-01},
  url          = { https://www.computerworld.com.au/article/255293/a-z_programming_languages_javascript/},
}

@Article{rastogi2015safe,
  author    = {Rastogi, Aseem and Swamy, Nikhil and Fournet, C{\'e}dric and Bierman, Gavin and Vekris, Panagiotis},
  title     = {Safe \& efficient gradual typing for TypeScript},
  journal   = {ACM SIGPLAN Notices},
  year      = {2015},
  volume    = {50},
  number    = {1},
  pages     = {167--180},
  publisher = {ACM},
}

@Misc{stackoverflowsurvey,
  title     = {Stack Overflow Developer Survey 2017.},
  year      = {2017},
  timestamp = {2017-12-01},
  url       = {https://insights.stackoverflow.com/survey/2017#most-popular-technologies},
}

@Misc{tiobeindex2017nov,
  title     = {TIOBE Index for November 2017},
  month     = nov,
  year      = {2017},
  timestamp = {2017-12-01},
  url       = { https://www.tiobe.com/tiobe-index/},
}

@InProceedings{gardner2012towards,
  author       = {Gardner, Philippa Anne and Maffeis, Sergio and Smith, Gareth David},
  title        = {Towards a program logic for JavaScript},
  booktitle    = {ACM SIGPLAN Notices},
  year         = {2012},
  volume       = {47},
  number       = {1},
  pages        = {31--44},
  organization = {ACM},
}

@InProceedings{richards2015concrete,
  author       = {Richards, Gregor and Zappa Nardelli, Francesco and Vitek, Jan},
  title        = {Concrete types for TypeScript},
  booktitle    = {LIPIcs-Leibniz International Proceedings in Informatics},
  year         = {2015},
  volume       = {37},
  organization = {Schloss Dagstuhl-Leibniz-Zentrum fuer Informatik},
}

@Book{EcmaScript,
  title     = {Standard ECMA-262 - ECMAScript Language Specification},
  publisher = {ECMA},
  year      = {2011},
  author    = {{ECMA International}},
  edition   = {5.1},
  month     = {June},
  url       = {http://www.ecma-international.org/publications/standards/Ecma-262.htm},
}

@InProceedings{borning1986classes,
  author       = {Borning, Alan H},
  title        = {Classes versus prototypes in object-oriented languages},
  booktitle    = {Proceedings of 1986 ACM Fall joint computer conference},
  year         = {1986},
  pages        = {36--40},
  organization = {IEEE Computer Society Press},
}

@InProceedings{park2015kjs,
  author       = {Park, Daejun and Stef{\u{a}}nescu, Andrei and Ro{\c{s}}u, Grigore},
  title        = {KJS: A complete formal semantics of JavaScript},
  booktitle    = {ACM SIGPLAN Notices},
  year         = {2015},
  volume       = {50},
  number       = {6},
  pages        = {346--356},
  organization = {ACM},
}

@InProceedings{sridharan2012correlation,
  author       = {Sridharan, Manu and Dolby, Julian and Chandra, Satish and Sch{\"a}fer, Max and Tip, Frank},
  title        = {Correlation tracking for points-to analysis of JavaScript},
  booktitle    = {European Conference on Object-Oriented Programming},
  year         = {2012},
  pages        = {435--458},
  organization = {Springer},
}

@InProceedings{logozzo2010rata,
  author       = {Logozzo, Francesco and Venter, Herman},
  title        = {RATA: rapid atomic type analysis by abstract interpretation--application to javascript optimization},
  booktitle    = {International Conference on Compiler Construction},
  year         = {2010},
  pages        = {66--83},
  organization = {Springer},
}

@InProceedings{wei2013practical,
  author       = {Wei, Shiyi and Ryder, Barbara G},
  title        = {Practical blended taint analysis for JavaScript},
  booktitle    = {Proceedings of the 2013 International Symposium on Software Testing and Analysis},
  year         = {2013},
  pages        = {336--346},
  organization = {ACM},
}

@InProceedings{guha2010essence,
  author       = {Guha, Arjun and Saftoiu, Claudiu and Krishnamurthi, Shriram},
  title        = {The essence of JavaScript},
  booktitle    = {European conference on Object-oriented programming},
  year         = {2010},
  pages        = {126--150},
  organization = {Springer},
}

@Misc{npm,
  title     = {Npm.},
  timestamp = {2017-12-01},
  url       = {https://www.npmjs.com/},
}

@Misc{popularityofjavascript,
  author    = {Brendan Eich},
  title     = {Popularity},
  month     = apr,
  year      = {2008},
  keywords  = {brendaneich},
  timestamp = {2017-01-01},
  url       = {https://brendaneich.com/2008/04/popularity/},
}

@Book{dybvig1996scheme,
  title     = {The Scheme Programming Language: ANSI Scheme},
  publisher = {Prentice Hall PTR},
  year      = {1996},
  author    = {Dybvig, R Kent},
}

@Misc{briefhistoryofjavascript,
  author    = {Brendan Eich},
  title     = {A Brief History of JavaScript},
  month     = jul,
  year      = {2010},
  timestamp = {2017-12-01},
  url       = {https://brendaneich.com/2010/07/a-brief-history-of-javascript/},
}

@Misc{brendaneichtimetomakejscomment,
  title     = {Every day I learn something new... and stupid.},
  month     = apr,
  year      = {2011},
  timestamp = {2017-12-01},
  url       = { https://www.jwz.org/blog/2010/10/every-day-i-learn-something-new-and-stupid/#comment-1048},
}

@Misc{newjavascriptmoduleowner,
  author    = {Brendan Eich},
  title     = {New JavaScript Engine Module Owner},
  month     = jun,
  year      = {2011},
  timestamp = {2017-12-01},
  url       = {https://brendaneich.com/2011/06/new-javascript-engine-module-owner/},
}

@TechReport{ISO/IEC16262:2011,
  author      = {ISO/IEC JTC 1/SC 22},
  title       = {Information technology -- Programming languages, their environments and system software interfaces -- ECMASCRript Language Specification},
  institution = {International Organization for Standardization},
  year        = {2011},
  type        = {Standard},
  address     = {Geneva, CH},
  month       = jun,
  key         = {ISO 13586:2000(E)},
  url         = {https://www.iso.org/standard/55755.html},
  volume      = {2000},
}

@Misc{ajax,
  author    = {Garrett, J. J.},
  title     = {Ajax: A New Approach to Web Applications},
  month     = feb,
  year      = {2005},
  timestamp = {2017-12-01},
  url       = {http://adaptivepath.org/ideas/ajax-new-approach-web-applications/},
}

@Misc{historyofjquery,
  author    = {Jeresig},
  title     = {History of jQuery.},
  month     = oct,
  year      = {2007},
  timestamp = {2017-01-01},
  url       = {https://www.slideshare.net/jeresig/history-of-jquery},
}

@Misc{stateofjquery,
  author    = {Jeresig},
  title     = {State of jQuery '08},
  month     = oct,
  year      = {2008},
  timestamp = {2017-01-01},
  url       = {https://www.slideshare.net/jeresig/state-of-jquery-08-presentation/2-Growth_Huge_growth_in_2008},
}

@Misc{chromebenchmarks,
  author    = {Rupert Goodwins},
  title     = {Google Chrome - first benchmarks. Summary: wow.},
  month     = sep,
  year      = {2008},
  timestamp = {2017-01-01},
  url       = {https://web.archive.org/web/20080903125550/http://community.zdnet.co.uk/blog/0%2C1000000567%2C10009139o-2000331777b%2C00.htm},
}

@Misc{chromeengine,
  author       = {Lars Bak},
  title        = {V8: an open source JavaScript engine},
  howpublished = {Youtube},
  month        = sep,
  year         = {2008},
  timestamp    = {2017-12-01},
  url          = {https://www.youtube.com/watch?v=hWhMKalEicY},
}

@Misc{chromeengine2,
  author = {Mads Sig Ager},
  title  = {Chrome: V8 Engine},
  month  = nov,
  year   = {2008},
}

@Misc{knowyourenginesmozilla,
  author    = {Dave Mandelin},
  title     = {Know Your Engines: How to Make Your JavaScript Fast},
  month     = jun,
  year      = {2011},
  timestamp = {2017-12-01},
  url       = {https://cdn.oreillystatic.com/en/assets/1/event/60/Know%20Your%20Engines_%20How%20to%20Make%20Your%20JavaScript%20Fast%20Presentation%201.pdf},
}

@Misc{linkedinusesnode,
  author    = {J. O'Dell},
  title     = {Exclusive: How LinkedIn used Node.js and HTML5 to build a better, faster app},
  month     = aug,
  year      = {20111},
  timestamp = {2017-12-01},
  url       = {Exclusive: How LinkedIn used Node.js and HTML5 to build a better, faster app},
}

@Misc{uberusesnode,
  author    = {Curtis Chambers},
  title     = {Node.js Meetup: Distributive Web Architectures - Curtis Chambers},
  month     = dec,
  year      = {2011},
  timestamp = {2017-12-01},
  url       = {https://www.youtube.com/watch?v=Jups7FveC1E},
}

@Article{king1976symbolic,
  author    = {King, James C},
  title     = {Symbolic execution and program testing},
  journal   = {Communications of the ACM},
  year      = {1976},
  volume    = {19},
  number    = {7},
  pages     = {385--394},
  publisher = {ACM},
}

@InProceedings{godefroid2008automated,
  author    = {Godefroid, Patrice and Levin, Michael Y and Molnar, David A and others},
  title     = {Automated whitebox fuzz testing.},
  booktitle = {NDSS},
  year      = {2008},
  volume    = {8},
  pages     = {151--166},
}

@InProceedings{godefroid2005dart,
  author       = {Godefroid, Patrice and Klarlund, Nils and Sen, Koushik},
  title        = {DART: directed automated random testing},
  booktitle    = {ACM Sigplan Notices},
  year         = {2005},
  volume       = {40},
  number       = {6},
  pages        = {213--223},
  organization = {ACM},
}

@InProceedings{godefroid2008grammar,
  author       = {Godefroid, Patrice and Kiezun, Adam and Levin, Michael Y},
  title        = {Grammar-based whitebox fuzzing},
  booktitle    = {ACM Sigplan Notices},
  year         = {2008},
  volume       = {43},
  number       = {6},
  pages        = {206--215},
  organization = {ACM},
}

@Article{cadar2008exe,
  author    = {Cadar, Cristian and Ganesh, Vijay and Pawlowski, Peter M and Dill, David L and Engler, Dawson R},
  title     = {EXE: automatically generating inputs of death},
  journal   = {ACM Transactions on Information and System Security (TISSEC)},
  year      = {2008},
  volume    = {12},
  number    = {2},
  pages     = {10},
  publisher = {ACM},
}

@InProceedings{sen2007concolic,
  author       = {Sen, Koushik},
  title        = {Concolic testing},
  booktitle    = {Proceedings of the twenty-second IEEE/ACM international conference on Automated software engineering},
  year         = {2007},
  pages        = {571--572},
  organization = {ACM},
}

@InProceedings{sen2005cute,
  author       = {Sen, Koushik and Marinov, Darko and Agha, Gul},
  title        = {CUTE: a concolic unit testing engine for C},
  booktitle    = {ACM SIGSOFT Software Engineering Notes},
  year         = {2005},
  volume       = {30},
  number       = {5},
  pages        = {263--272},
  organization = {ACM},
}

@Article{de2011satisfiability,
  author    = {De Moura, Leonardo and Bj{\o}rner, Nikolaj},
  title     = {Satisfiability modulo theories: introduction and applications},
  journal   = {Communications of the ACM},
  year      = {2011},
  volume    = {54},
  number    = {9},
  pages     = {69--77},
  publisher = {ACM},
}

@Article{cadar2013symbolic,
  author    = {Cadar, Cristian and Sen, Koushik},
  title     = {Symbolic execution for software testing: three decades later},
  journal   = {Communications of the ACM},
  year      = {2013},
  volume    = {56},
  number    = {2},
  pages     = {82--90},
  publisher = {ACM},
}

@InProceedings{cadar2008klee,
  author    = {Cadar, Cristian and Dunbar, Daniel and Engler, Dawson R and others},
  title     = {KLEE: Unassisted and Automatic Generation of High-Coverage Tests for Complex Systems Programs.},
  booktitle = {OSDI},
  year      = {2008},
  volume    = {8},
  pages     = {209--224},
}

@Article{boyer1975select,
  author    = {Boyer, Robert S and Elspas, Bernard and Levitt, Karl N},
  title     = {SELECT—a formal system for testing and debugging programs by symbolic execution},
  journal   = {ACM SigPlan Notices},
  year      = {1975},
  volume    = {10},
  number    = {6},
  pages     = {234--245},
  publisher = {ACM},
}

@Misc{smtwheredowegofromhere,
  author       = {Clark Barrett},
  title        = {SMT: Where Do We Go From Here?},
  howpublished = {Presenttation},
  month        = jul,
  year         = {2014},
}

@Misc{satin5mins,
  title     = {The Boolean Satisfiability Problem [SAT] and SAT solvers in 5 mins* (or more)},
  month     = aug,
  year      = {2015},
  timestamp = {2018-02-16},
  url       = {http://0a.io/boolean-satisfiability-problem-or-sat-in-5-minutes/},
}

@Booklet{automatedreasoningbooklet2004,
  title  = {Theory of Automated Reasoning: An Introduction},
  author = {Antti-Juhani Kaijanaho},
  year   = {2004},
  url    = {http://users.jyu.fi/~antkaij/opetus/ap/2004/aure-ch1.pdf},
}

@Misc{excapebarrettriseofsmt,
  author = {Clark Barrett},
  title  = {The Satisfiability Revolution and the Rise of SMT},
  month  = mar,
  year   = {2014},
  url    = {https://excape.cis.upenn.edu/documents/ClarkBarrettSlides.pdf},
}

@Misc{turingchurchproof,
  author = {Andrew Pitts},
  title  = {Computation Theory},
  url    = {https://www.cl.cam.ac.uk/teaching/0910/CompTheory/lectures/lecture-1.pdf},
}

@Article{gomes2008satisfiability,
  author    = {Gomes, Carla P and Kautz, Henry and Sabharwal, Ashish and Selman, Bart},
  title     = {Satisfiability solvers},
  journal   = {Foundations of Artificial Intelligence},
  year      = {2008},
  volume    = {3},
  pages     = {89--134},
  publisher = {Elsevier},
}

@InProceedings{zhang2001efficient,
  author       = {Zhang, Lintao and Madigan, Conor F and Moskewicz, Matthew H and Malik, Sharad},
  title        = {Efficient conflict driven learning in a boolean satisfiability solver},
  booktitle    = {Proceedings of the 2001 IEEE/ACM international conference on Computer-aided design},
  year         = {2001},
  pages        = {279--285},
  organization = {IEEE Press},
}

@Misc{sattosmt,
  author    = {Clark Barrett},
  title     = {From SAT to SMT: The DPLL(T) Architecture},
  timestamp = {2017-02-16},
  url       = {https://web.stanford.edu/class/cs357/lectures/lec9.pdf},
}

@Misc{smtdpplt,
  author    = {Albert Oliveras},
  title     = {SMT Theory and DPLL(T)},
  month     = jul,
  year      = {2013},
  timestamp = {2018-02-16},
  url       = {http://sei.pku.edu.cn/~xiongyf04/SA/2014/5_SMT.pdf},
}

@InProceedings{ganzinger2004dpll,
  author       = {Ganzinger, Harald and Hagen, George and Nieuwenhuis, Robert and Oliveras, Albert and Tinelli, Cesare},
  title        = {DPLL (T): Fast decision procedures},
  booktitle    = {International Conference on Computer Aided Verification},
  year         = {2004},
  pages        = {175--188},
  organization = {Springer},
}

@Article{newell1956logic,
  author    = {Newell, Allen and Simon, Herbert},
  title     = {The logic theory machine--A complex information processing system},
  journal   = {IRE Transactions on information theory},
  year      = {1956},
  volume    = {2},
  number    = {3},
  pages     = {61--79},
  publisher = {IEEE},
  url       = {http://shelf1.library.cmu.edu/IMLS/BACKUP/MindModels.pre_Oct1-/logictheorymachine.pdf},
}

@Article{robinson1965machine,
  author    = {Robinson, John Alan},
  title     = {A machine-oriented logic based on the resolution principle},
  journal   = {Journal of the ACM (JACM)},
  year      = {1965},
  volume    = {12},
  number    = {1},
  pages     = {23--41},
  publisher = {ACM},
}

@Article{Davis:1960:CPQ:321033.321034,
  author     = {Davis, Martin and Putnam, Hilary},
  title      = {A Computing Procedure for Quantification Theory},
  journal    = {J. ACM},
  year       = {1960},
  volume     = {7},
  number     = {3},
  pages      = {201--215},
  month      = jul,
  issn       = {0004-5411},
  acmid      = {321034},
  address    = {New York, NY, USA},
  doi        = {10.1145/321033.321034},
  issue_date = {July 1960},
  numpages   = {15},
  publisher  = {ACM},
  url        = {http://doi.acm.org/10.1145/321033.321034},
}

@Article{Davis:1962:MPT:368273.368557,
  author     = {Davis, Martin and Logemann, George and Loveland, Donald},
  title      = {A Machine Program for Theorem-proving},
  journal    = {Commun. ACM},
  year       = {1962},
  volume     = {5},
  number     = {7},
  pages      = {394--397},
  month      = jul,
  issn       = {0001-0782},
  acmid      = {368557},
  address    = {New York, NY, USA},
  doi        = {10.1145/368273.368557},
  issue_date = {July 1962},
  numpages   = {4},
  publisher  = {ACM},
  url        = {http://doi.acm.org/10.1145/368273.368557},
}

@InProceedings{moskewicz2001chaff,
  author       = {Moskewicz, Matthew W and Madigan, Conor F and Zhao, Ying and Zhang, Lintao and Malik, Sharad},
  title        = {Chaff: Engineering an efficient SAT solver},
  booktitle    = {Proceedings of the 38th annual Design Automation Conference},
  year         = {2001},
  pages        = {530--535},
  organization = {ACM},
}

@Comment{jabref-meta: databaseType:bibtex;}
